<?xml version="1.0" encoding="UTF-8"?><collection xmlns="http://www.loc.gov/MARC21/slim"><record><leader>00372nam--2200133-i-4500</leader><controlfield tag="001">000013802</controlfield><controlfield tag="002">20161230</controlfield><controlfield tag="005">20161230201030</controlfield><controlfield tag="008">060222s1000------------r-----000-0-eng-d</controlfield><datafield ind1=" " ind2=" " tag="245"><subfield code="a">Dynamic meteorology and weather forecasting</subfield></datafield><datafield ind1=" " ind2=" " tag="260"><subfield code="a">Boston, American Meteorological Society, 1957</subfield></datafield><datafield ind1=" " ind2=" " tag="490"><subfield code="a">Xvi+800p</subfield></datafield><datafield ind1=" " ind2=" " tag="700"><subfield code="a">Godske, C.L., Bergeron, T./S.A.</subfield></datafield><datafield ind1=" " ind2=" " tag="852"><subfield code="a">551.5:532.5</subfield></datafield></record></collection>